@article{elias:universal,
  author    = {Peter Elias},
  title     = {Universal codeword sets and representations of the integers},
  journal   = {{IEEE} Trans. Information Theory},
  volume    = {21},
  number    = {2},
  pages     = {194--203},
  year      = {1975},
  url       = {https://doi.org/10.1109/TIT.1975.1055349},
  doi       = {10.1109/TIT.1975.1055349},
  timestamp = {Wed, 14 Nov 2018 10:27:06 +0100},
  biburl    = {https://dblp.org/rec/journals/tit/Elias75.bib},
  bibsource = {dblp computer science bibliography, https://dblp.org}
}


@inproceedings{dujmovic.joret.ea:planar,
  author    = {Vida Dujmović and
               Gwenaël Joret and
               Piotr Micek and
               Pat Morin and
               Torsten Ueckerdt and
               David R. Wood},
  editor    = {David Zuckerman},
  title     = {Planar Graphs have Bounded Queue-Number},
  booktitle = {60th {IEEE} Annual Symposium on Foundations of Computer Science, {FOCS}
               2019, Baltimore, Maryland, USA, November 9-12, 2019},
  pages     = {862--875},
  publisher = {{IEEE} Computer Society},
  year      = {2019},
  url       = {https://doi.org/10.1109/FOCS.2019.00056},
  doi       = {10.1109/FOCS.2019.00056},
  timestamp = {Tue, 07 Jan 2020 13:31:39 +0100},
  biburl    = {https://dblp.org/rec/conf/focs/DujmovicJMMUW19.bib},
  bibsource = {dblp computer science bibliography, https://dblp.org}
}



@inproceedings{bonamy.gavoille.ea:shorter,
  author    = {Marthe Bonamy and
               Cyril Gavoille and
               Michał Pilipczuk},
  editor    = {Shuchi Chawla},
  title     = {Shorter Labeling Schemes for Planar Graphs},
  booktitle = {Proceedings of the 2020 {ACM-SIAM} Symposium on Discrete Algorithms,
               {SODA} 2020, Salt Lake City, UT, USA, January 5-8, 2020},
  pages     = {446--462},
  publisher = {{SIAM}},
  year      = {2020},
  url       = {https://doi.org/10.1137/1.9781611975994.27},
  doi       = {10.1137/1.9781611975994.27},
  timestamp = {Fri, 31 Jan 2020 13:53:57 +0100},
  biburl    = {https://dblp.org/rec/conf/soda/BonamyGP20.bib},
  bibsource = {dblp computer science bibliography, https://dblp.org}
}

@article{chazelle.guibas:fractional1,
  author    = {Bernard Chazelle and
               Leonidas J. Guibas},
  title     = {Fractional Cascading: I. {A} Data Structuring Technique},
  journal   = {Algorithmica},
  volume    = {1},
  number    = {2},
  pages     = {133--162},
  year      = {1986},
  url       = {https://doi.org/10.1007/BF01840440},
  doi       = {10.1007/BF01840440},
  timestamp = {Wed, 14 Nov 2018 10:49:04 +0100},
  biburl    = {https://dblp.org/rec/journals/algorithmica/ChazelleG86.bib},
  bibsource = {dblp computer science bibliography, https://dblp.org}
}

@article{chazelle.guibas:fractional2,
  author    = {Bernard Chazelle and
               Leonidas J. Guibas},
  title     = {Fractional Cascading: {II.} Applications},
  journal   = {Algorithmica},
  volume    = {1},
  number    = {2},
  pages     = {163--191},
  year      = {1986},
  url       = {https://doi.org/10.1007/BF01840441},
  doi       = {10.1007/BF01840441},
  timestamp = {Wed, 14 Nov 2018 10:49:04 +0100},
  biburl    = {https://dblp.org/rec/journals/algorithmica/ChazelleG86a.bib},
  bibsource = {dblp computer science bibliography, https://dblp.org}
}

@book{morin:open,
  author    = {Pat Morin},
  title     = {Open Data Structures},
  publisher = {Athabasca University Press},
  url       = {https://opendatastructures.org/},
  year      = {2013}
}

@inproceedings{gavoille.labourel:shorter,
  author    = {Cyril Gavoille and
               Arnaud Labourel},
  title     = {Shorter Implicit Representation for Planar Graphs and Bounded Treewidth
               Graphs},
  booktitle = {Algorithms - {ESA} 2007, 15th Annual European Symposium, Eilat, Israel,
               October 8-10, 2007, Proceedings},
  pages     = {582--593},
  year      = {2007},
  crossref  = {DBLP:conf/esa/2007},
  url       = {https://doi.org/10.1007/978-3-540-75520-3\_52},
  doi       = {10.1007/978-3-540-75520-3\_52},
  timestamp = {Tue, 14 May 2019 10:00:54 +0200},
  biburl    = {https://dblp.org/rec/conf/esa/GavoilleL07.bib},
  bibsource = {dblp computer science bibliography, https://dblp.org}
}

@proceedings{DBLP:conf/esa/2007,
  editor    = {Lars Arge and
               Michael Hoffmann and
               Emo Welzl},
  title     = {Algorithms - {ESA} 2007, 15th Annual European Symposium, Eilat, Israel,
               October 8-10, 2007, Proceedings},
  series    = {Lecture Notes in Computer Science},
  volume    = {4698},
  publisher = {Springer},
  year      = {2007},
  url       = {https://doi.org/10.1007/978-3-540-75520-3},
  doi       = {10.1007/978-3-540-75520-3},
  isbn      = {978-3-540-75519-7},
  timestamp = {Tue, 14 May 2019 10:00:54 +0200},
  biburl    = {https://dblp.org/rec/conf/esa/2007.bib},
  bibsource = {dblp computer science bibliography, https://dblp.org}
}

@article{vaishnavi.wood:rectilinear,
  author    = {Vijay K. Vaishnavi and
               Derick Wood},
  title     = {Rectilinear Line Segment Intersection, Layered Segment Trees, and
               Dynamization},
  journal   = {J. Algorithms},
  volume    = {3},
  number    = {2},
  pages     = {160--176},
  year      = {1982},
  url       = {https://doi.org/10.1016/0196-6774(82)90016-5},
  doi       = {10.1016/0196-6774(82)90016-5},
  timestamp = {Sun, 28 May 2017 13:24:58 +0200},
  biburl    = {https://dblp.org/rec/journals/jal/VaishnaviW82.bib},
  bibsource = {dblp computer science bibliography, https://dblp.org}
}

@article{kannan.naor.ea:implicit,
  author    = {Sampath Kannan and
               Moni Naor and
               Steven Rudich},
  title     = {Implicit Representation of Graphs},
  journal   = {{SIAM} J. Discrete Math.},
  volume    = {5},
  number    = {4},
  pages     = {596--603},
  year      = {1992},
  url       = {https://doi.org/10.1137/0405049},
  doi       = {10.1137/0405049},
  timestamp = {Wed, 14 Nov 2018 10:35:09 +0100},
  biburl    = {https://dblp.org/rec/journals/siamdm/KannanNR92.bib},
  bibsource = {dblp computer science bibliography, https://dblp.org}
}

@inproceedings{kannan.naor.ea:implicit0,
  author    = {Sampath Kannan and
               Moni Naor and
               Steven Rudich},
  title     = {Implicit Representation of Graphs},
  booktitle = {Proceedings of the 20th Annual {ACM} Symposium on Theory of Computing,
               May 2-4, 1988, Chicago, Illinois, {USA}},
  pages     = {334--343},
  year      = {1988},
  crossref  = {DBLP:conf/stoc/STOC20},
  url       = {https://doi.org/10.1145/62212.62244},
  doi       = {10.1145/62212.62244},
  timestamp = {Tue, 06 Nov 2018 11:07:05 +0100},
  biburl    = {https://dblp.org/rec/conf/stoc/KannanNR88.bib},
  bibsource = {dblp computer science bibliography, https://dblp.org}
}

@proceedings{DBLP:conf/stoc/STOC20,
  editor    = {Janos Simon},
  title     = {Proceedings of the 20th Annual {ACM} Symposium on Theory of Computing,
               May 2-4, 1988, Chicago, Illinois, {USA}},
  publisher = {{ACM}},
  year      = {1988},
  isbn      = {0-89791-264-0},
  timestamp = {Mon, 17 Oct 2011 15:55:10 +0200},
  biburl    = {https://dblp.org/rec/conf/stoc/STOC20.bib},
  bibsource = {dblp computer science bibliography, https://dblp.org}
}

@Article{schnyder:planar,
  author    = {Walter Schnyder},
  year      = {1989},
  title     = {Planar graphs and poset dimension},
  journal   = {Order},
  pages     = {323--343},
  volume    = {5},
  issue     = {4},
  doi       = {10.1007/BF00353652},
}


@book{spinrad:efficient,
  author    = {Jeremy P. Spinrad},
  title     = {Efficient graph representations},
  series    = {Fields Institute monographs},
  volume    = {19},
  publisher = {American Mathematical Society},
  year      = {2003},
  url       = {http://www.ams.org/bookstore-getitem/item=fim-19},
  isbn      = {978-0-8218-2815-1},
  timestamp = {Mon, 15 Jul 2019 16:26:46 +0200},
  biburl    = {https://dblp.org/rec/books/daglib/0010890.bib},
  bibsource = {dblp computer science bibliography, https://dblp.org}
}

@article{dujmovic.morin.ea:structure,
  author    = {Vida Dujmović and
               Pat Morin and
               David R. Wood},
  title     = {The structure of k-planar graphs},
  journal   = {CoRR},
  volume    = {abs/1907.05168},
  year      = {2019},
  url       = {http://arxiv.org/abs/1907.05168},
  archivePrefix = {arXiv},
  eprint    = {1907.05168},
  timestamp = {Wed, 17 Jul 2019 10:27:36 +0200},
  biburl    = {https://dblp.org/rec/journals/corr/abs-1907-05168.bib},
  bibsource = {dblp computer science bibliography, https://dblp.org}
}

@article{DEMWW20,
  author    = {Vida Dujmovi\'c and
               Louis Esperet and
               Pat Morin and
               Bartosz Walczak and
               David R. Wood},
  title     = {Clustered 3-colouring graphs of bounded degree},
  journal   = {CoRR},
  volume    = {abs/2002.11721},
  year      = {2020},
  url       = {http://arxiv.org/abs/2002.11721},
  archivePrefix = {arXiv},
  eprint    = {2002.11721}
}

@article{nash-williams:edge-disjoint,
  author    = {C. St. J. A. Nash-Williams},
  title     = {Edge-disjoint spanning trees of finite graphs},
  journal   = {Journal of the London Mathematical Society},
  volume    = {36},
  number    = {1},
  pages     = {445--450},
  year      = {1961},
  doi       = {10.1112/jlms/s1-36.1.445}
}

@phdthesis{muller:local,
  author    = {John H. Muller},
  title     = {Local Structure in Graph Classes},
  institute = {Georgia Institute of Technology},
  department = {School of Information and Computer Science},
  month     = {March},
  year      = {1988}
}

@article{chung:universal,
  author    = {Fan R. K. Chung},
  title     = {Universal graphs and induced-universal graphs},
  journal   = {Journal of Graph Theory},
  volume    = {14},
  number    = {4},
  pages     = {443--454},
  year      = {1990},
  url       = {https://doi.org/10.1002/jgt.3190140408},
  doi       = {10.1002/jgt.3190140408},
  timestamp = {Thu, 18 May 2017 09:51:17 +0200},
  biburl    = {https://dblp.org/rec/journals/jgt/Chung90.bib},
  bibsource = {dblp computer science bibliography, https://dblp.org}
}

@article{alstrup.kaplan.ea:adjacency,
  author    = {Stephen Alstrup and
               Haim Kaplan and
               Mikkel Thorup and
               Uri Zwick},
  title     = {Adjacency Labeling Schemes and Induced-Universal Graphs},
  journal   = {{SIAM} J. Discrete Math.},
  volume    = {33},
  number    = {1},
  pages     = {116--137},
  year      = {2019},
  url       = {https://doi.org/10.1137/16M1105967},
  doi       = {10.1137/16M1105967},
  timestamp = {Wed, 25 Sep 2019 17:54:40 +0200},
  biburl    = {https://dblp.org/rec/journals/siamdm/AlstrupKTZ19.bib},
  bibsource = {dblp computer science bibliography, https://dblp.org}
}

@article{alstrup.dahlgaard.ea:optimal,
  author    = {Stephen Alstrup and
               S{\o}ren Dahlgaard and
               Mathias B{\ae}k Tejs Knudsen},
  title     = {Optimal Induced Universal Graphs and Adjacency Labeling for Trees},
  journal   = {J. {ACM}},
  volume    = {64},
  number    = {4},
  pages     = {27:1--27:22},
  year      = {2017},
  url       = {https://doi.org/10.1145/3088513},
  doi       = {10.1145/3088513},
  timestamp = {Tue, 06 Nov 2018 12:51:46 +0100},
  biburl    = {https://dblp.org/rec/journals/jacm/AlstrupDK17.bib},
  bibsource = {dblp computer science bibliography, https://dblp.org}
}

@inproceedings{abrahamsen.alstrup.ea:near-optimal,
  author    = {Mikkel Abrahamsen and
               Stephen Alstrup and
               Jacob Holm and
               Mathias B{\ae}k Tejs Knudsen and
               Morten St{\"{o}}ckel},
  editor    = {Ioannis Chatzigiannakis and
               Piotr Indyk and
               Fabian Kuhn and
               Anca Muscholl},
  title     = {Near-Optimal Induced Universal Graphs for Bounded Degree Graphs},
  booktitle = {44th International Colloquium on Automata, Languages, and Programming,
               {ICALP} 2017, July 10-14, 2017, Warsaw, Poland},
  series    = {LIPIcs},
  volume    = {80},
  pages     = {128:1--128:14},
  publisher = {Schloss Dagstuhl - Leibniz-Zentrum f{\"{u}}r Informatik},
  year      = {2017},
  url       = {https://doi.org/10.4230/LIPIcs.ICALP.2017.128},
  doi       = {10.4230/LIPIcs.ICALP.2017.128},
  timestamp = {Tue, 11 Feb 2020 15:52:14 +0100},
  biburl    = {https://dblp.org/rec/conf/icalp/AbrahamsenAHKS17.bib},
  bibsource = {dblp computer science bibliography, https://dblp.org}
}

@inproceedings{AR14,
  author    = {David Adjiashvili and
               Noy Rotbart},
  editor    = {Javier Esparza and
               Pierre Fraigniaud and
               Thore Husfeldt and
               Elias Koutsoupias},
  title     = {Labeling Schemes for Bounded Degree Graphs},
  booktitle = {Automata, Languages, and Programming - 41st International Colloquium,
               {ICALP} 2014, Copenhagen, Denmark, July 8--11, 2014, Proceedings, Part
               {II}},
  series    = {Lecture Notes in Computer Science},
  volume    = {8573},
  pages     = {375--386},
  publisher = {Springer},
  year      = {2014},
  url       = {https://doi.org/10.1007/978-3-662-43951-7\_32},
  doi       = {10.1007/978-3-662-43951-7\_32}
}


@inproceedings{alstrup.dahlgaard.ea:sublinear,
  author    = {Stephen Alstrup and
               S{\o}ren Dahlgaard and
               Mathias B{\ae}k Tejs Knudsen and
               Ely Porat},
  editor    = {Piotr Sankowski and
               Christos D. Zaroliagis},
  title     = {Sublinear Distance Labeling},
  booktitle = {24th Annual European Symposium on Algorithms, {ESA} 2016, August 22-24,
               2016, Aarhus, Denmark},
  series    = {LIPIcs},
  volume    = {57},
  pages     = {5:1--5:15},
  publisher = {Schloss Dagstuhl - Leibniz-Zentrum f{\"{u}}r Informatik},
  year      = {2016},
  url       = {https://doi.org/10.4230/LIPIcs.ESA.2016.5},
  doi       = {10.4230/LIPIcs.ESA.2016.5},
  timestamp = {Tue, 11 Feb 2020 15:52:14 +0100},
  biburl    = {https://dblp.org/rec/conf/esa/AlstrupDKP16.bib},
  bibsource = {dblp computer science bibliography, https://dblp.org}
}

@inproceedings{alstrup.gortz.ea:distance,
  author    = {Stephen Alstrup and
               Inge Li G{\o}rtz and
               Esben Bistrup Halvorsen and
               Ely Porat},
  editor    = {Ioannis Chatzigiannakis and
               Michael Mitzenmacher and
               Yuval Rabani and
               Davide Sangiorgi},
  title     = {Distance Labeling Schemes for Trees},
  booktitle = {43rd International Colloquium on Automata, Languages, and Programming,
               {ICALP} 2016, July 11-15, 2016, Rome, Italy},
  series    = {LIPIcs},
  volume    = {55},
  pages     = {132:1--132:16},
  publisher = {Schloss Dagstuhl - Leibniz-Zentrum f{\"{u}}r Informatik},
  year      = {2016},
  url       = {https://doi.org/10.4230/LIPIcs.ICALP.2016.132},
  doi       = {10.4230/LIPIcs.ICALP.2016.132},
  timestamp = {Tue, 11 Feb 2020 15:52:14 +0100},
  biburl    = {https://dblp.org/rec/conf/icalp/AlstrupGHP16.bib},
  bibsource = {dblp computer science bibliography, https://dblp.org}
}

@inproceedings{alstrup.gavoille.ea:simpler,
  author    = {Stephen Alstrup and
               Cyril Gavoille and
               Esben Bistrup Halvorsen and
               Holger Petersen},
  editor    = {Robert Krauthgamer},
  title     = {Simpler, faster and shorter labels for distances in graphs},
  booktitle = {Proceedings of the Twenty-Seventh Annual {ACM-SIAM} Symposium on Discrete
               Algorithms, {SODA} 2016, Arlington, VA, USA, January 10-12, 2016},
  pages     = {338--350},
  publisher = {{SIAM}},
  year      = {2016},
  url       = {https://doi.org/10.1137/1.9781611974331.ch25},
  doi       = {10.1137/1.9781611974331.ch25},
  timestamp = {Fri, 15 Mar 2019 17:39:59 +0100},
  biburl    = {https://dblp.org/rec/conf/soda/AlstrupGHP16.bib},
  bibsource = {dblp computer science bibliography, https://dblp.org}
}


@article{alstrup.bille.ea:labeling,
  author    = {Stephen Alstrup and
               Philip Bille and
               Theis Rauhe},
  title     = {Labeling Schemes for Small Distances in Trees},
  journal   = {{SIAM} J. Discrete Math.},
  volume    = {19},
  number    = {2},
  pages     = {448--462},
  year      = {2005},
  url       = {https://doi.org/10.1137/S0895480103433409},
  doi       = {10.1137/S0895480103433409},
  timestamp = {Fri, 26 May 2017 22:54:48 +0200},
  biburl    = {https://dblp.org/rec/journals/siamdm/AlstrupBR05.bib},
  bibsource = {dblp computer science bibliography, https://dblp.org}
}

@inproceedings{alstrup.rauhe:improved,
  author    = {Stephen Alstrup and
               Theis Rauhe},
  editor    = {David Eppstein},
  title     = {Improved labeling scheme for ancestor queries},
  booktitle = {Proceedings of the Thirteenth Annual {ACM-SIAM} Symposium on Discrete
               Algorithms, January 6-8, 2002, San Francisco, CA, {USA}},
  pages     = {947--953},
  publisher = {{ACM/SIAM}},
  year      = {2002},
  url       = {http://dl.acm.org/citation.cfm?id=545381.545504},
  timestamp = {Fri, 07 Dec 2012 17:02:08 +0100},
  biburl    = {https://dblp.org/rec/conf/soda/AlstrupR02.bib},
  bibsource = {dblp computer science bibliography, https://dblp.org}
}

@article{driscoll.sarnak.ea:making,
  author    = {James R. Driscoll and
               Neil Sarnak and
               Daniel Dominic Sleator and
               Robert Endre Tarjan},
  title     = {Making Data Structures Persistent},
  journal   = {J. Comput. Syst. Sci.},
  volume    = {38},
  number    = {1},
  pages     = {86--124},
  year      = {1989},
  url       = {https://doi.org/10.1016/0022-0000(89)90034-2},
  doi       = {10.1016/0022-0000(89)90034-2},
  timestamp = {Wed, 14 Nov 2018 10:33:59 +0100},
  biburl    = {https://dblp.org/rec/journals/jcss/DriscollSST89.bib},
  bibsource = {dblp computer science bibliography, https://dblp.org}
}

@inproceedings{scheffler:optimal,
  author = "Scheffler, Petra",
  year = 1992,
  title = "Optimal embedding of a tree into an interval graph in linear time",
  editor = "Ne{\v{s}}et{\v{r}}il, Jaroslav and Fiedler, Miroslav",
  booktitle = "Fourth Czechoslovakian Symposium on Combinatorics,
Graphs and Complexity",
  publisher = "Elsevier",
  series = "Annals of Discrete Mathematics",
  Volume = 51,
  Pages = "287--291",
  DOI = "10.1016/S0167-5060(08)70644-7",
}

@inproceedings{adjiashvili.rotbart:labeling,
  author    = {David Adjiashvili and
               Noy Rotbart},
  editor    = {Javier Esparza and
               Pierre Fraigniaud and
               Thore Husfeldt and
               Elias Koutsoupias},
  title     = {Labeling Schemes for Bounded Degree Graphs},
  booktitle = {Automata, Languages, and Programming - 41st International Colloquium,
               {ICALP} 2014, Copenhagen, Denmark, July 8-11, 2014, Proceedings, Part
               {II}},
  series    = {Lecture Notes in Computer Science},
  volume    = {8573},
  pages     = {375--386},
  publisher = {Springer},
  year      = {2014},
  url       = {https://doi.org/10.1007/978-3-662-43951-7\_32},
  doi       = {10.1007/978-3-662-43951-7\_32},
  timestamp = {Tue, 14 May 2019 10:00:44 +0200},
  biburl    = {https://dblp.org/rec/conf/icalp/AdjiashviliR14.bib},
  bibsource = {dblp computer science bibliography, https://dblp.org}
}
